@article{stout2021,
	title = {The measurement, evolution, and neural representation of action grammars of human behavior},
	volume = {11},
	copyright = {2021 The Author(s)},
	issn = {2045-2322},
	url = {https://www.nature.com/articles/s41598-021-92992-5},
	doi = {10.1038/s41598-021-92992-5},
	language = {en},
	number = {1},
	urldate = {2021-08-10},
	journal = {Scientific Reports},
	author = {Stout, Dietrich and Chaminade, Thierry and Apel, Jan and Shafti, Ali and Faisal, A. Aldo},
	month = jul,
	year = {2021},
}	

@article{liu2022,
	title = {Inferring cultural reproduction from lithic data: A critical review},
	author = {Liu, Cheng and Stout, Dietrich},
	year = {2022},
	month = {10},
	date = {2022-10-01},
	journal = {Evolutionary anthropology},
	doi = {10.1002/evan.21964},
	url = {https://doi.org/10.1002/evan.21964},
	note = {PMID: 36245296},
	langid = {eng}
}

@article{ranhorn2020,
	title = {Investigating the evolution of human social learning through collaborative experimental archaeology},
	author = {Ranhorn, Kathryn L. and Pargeter, Justin and Premo, L. S.},
	year = {2020},
	date = {2020},
	journal = {Evolutionary Anthropology: Issues, News, and Reviews},
	pages = {53--55},
	volume = {29},
	number = {2},
	doi = {10.1002/evan.21823},
	url = {https://onlinelibrary.wiley.com/doi/abs/10.1002/evan.21823},
	note = {{\_}eprint: https://onlinelibrary.wiley.com/doi/pdf/10.1002/evan.21823},
	langid = {en}
}

@article{eren2016,
	title = {Test, Model, and Method Validation: The Role of Experimental Stone Artifact Replication in Hypothesis-driven Archaeology},
	author = {Eren, Metin I. and Lycett, Stephen J. and Patten, Robert J. and Buchanan, Briggs and Pargeter, Justin and {O'Brien}, Michael J.},
	year = {2016},
	date = {2016},
	journal = {Ethnoarchaeology: Journal of Archaeological, Ethnographic and Experimental Studies},
	pages = {103--136},
	volume = {8},
	number = {2},
	doi = {10.1080/19442890.2016.1213972},
	url = {https://doi.org/10.1080/19442890.2016.1213972},
	note = {Publisher: Routledge
{\_}eprint: https://doi.org/10.1080/19442890.2016.1213972}
}

@inbook{haidle2009,
	title = {How to think a simple spear},
	author = {Haidle, {Miriam Noël}},
	editor = {de Beaune, Sophie A. and Coolidge, Frederick L. and Wynn, Thomas},
	year = {2009},
	date = {2009},
	publisher = {Cambridge University Press},
	pages = {57{\textendash}73},
	note = {Publisher: Cambridge University Press Cambridge},
	address = {Cambridge}
}

@article{haidle2010,
	title = {Working-Memory Capacity and the Evolution of Modern Cognitive Potential: Implications from Animal and Early Human Tool Use},
	author = {Haidle, {Miriam Noël}},
	year = {2010},
	month = {06},
	date = {2010-06},
	journal = {Current Anthropology},
	pages = {S149--S166},
	volume = {51},
	number = {S1},
	doi = {10.1086/650295},
	url = {https://www.journals.uchicago.edu/doi/full/10.1086/650295},
	note = {Publisher: The University of Chicago Press}
}

@article{lombard2012,
	title = {Thinking a Bow-and-arrow Set: Cognitive Implications of Middle Stone Age Bow and Stone-tipped Arrow Technology},
	author = {Lombard, Marlize and Haidle, {Miriam Noël}},
	year = {2012},
	month = {06},
	date = {2012-06},
	journal = {Cambridge Archaeological Journal},
	pages = {237--264},
	volume = {22},
	number = {2},
	doi = {10.1017/S095977431200025X},
	url = {http://www.cambridge.org/core/journals/cambridge-archaeological-journal/article/thinking-a-bowandarrow-set-cognitive-implications-of-middle-stone-age-bow-and-stonetipped-arrow-technology/1B50A89590CA6EB9B35B8C7447C3A599},
	note = {Publisher: Cambridge University Press},
	langid = {en}
}

@article{hinds1999,
	title = {The curse of expertise: The effects of expertise and debiasing methods on prediction of novice performance},
	author = {Hinds, Pamela J.},
	year = {1999},
	date = {1999},
	journal = {Journal of Experimental Psychology: Applied},
	pages = {205--221},
	volume = {5},
	doi = {10.1037/1076-898X.5.2.205},
	note = {Place: US
Publisher: American Psychological Association}
}

@article{mahaney2014,
	title = {Exploring the complexity and structure of Acheulean stoneknapping in relation to natural language},
	author = {Mahaney, Robert Allen},
	year = {2014},
	date = {2014},
	journal = {PaleoAnthropology},
	pages = {586{\textendash}606},
	volume = {2014},
	doi = {10.4207/PA.2014.ART90}
}
